@misc{lipman2024flowmatchingguidecode,
      title={Flow Matching Guide and Code}, 
      author={Yaron Lipman and Marton Havasi and Peter Holderrieth and Neta Shaul and Matt Le and Brian Karrer and Ricky T. Q. Chen and David Lopez-Paz and Heli Ben-Hamu and Itai Gat},
      year={2024},
      eprint={2412.06264},
      archivePrefix={arXiv},
      primaryClass={cs.LG},
      url={https://arxiv.org/abs/2412.06264}, 
}
@misc{Coste_2025, title={Flow models II: Score Matching Techniques}, url={https://scoste.fr/posts/score_matching/}, journal={scoste}, author={Coste, Simon}, year={2025}, month={Mar}} 
@misc{strasman2025analysisnoiseschedulescorebased,
      title={An analysis of the noise schedule for score-based generative models}, 
      author={Stanislas Strasman and Antonio Ocello and Claire Boyer and Sylvain Le Corff and Vincent Lemaire},
      year={2025},
      eprint={2402.04650},
      archivePrefix={arXiv},
      primaryClass={math.ST},
      url={https://arxiv.org/abs/2402.04650}, 
}
@misc{battey2014smoothprojecteddensityestimation,
      title={Smooth projected density estimation}, 
      author={Heather Battey and Han Liu},
      year={2014},
      eprint={1308.3968},
      archivePrefix={arXiv},
      primaryClass={stat.ME},
      url={https://arxiv.org/abs/1308.3968}, 
}
@misc{dionblanc2025nonparametricdensityestimation,
      title={Nonparametric density estimation},
      author={Charlotte Dion-Blanc},
      year={2024},
      institution={Sorbonne Universit√©},
}
@misc{mathieu2024flow,
  title   = "An Introduction to Flow Matching",
  author  = "Fjelde, Tor and Mathieu, Emile and Dutordoir, Vincent",
  journal = "https://mlg.eng.cam.ac.uk/blog/",
  year    = "2024",
  month   = "January",
  url     = "https://mlg.eng.cam.ac.uk/blog/2024/01/20/flow-matching.html"
}


@misc{lipman2023flowmatchinggenerativemodeling,
      title={Flow Matching for Generative Modeling}, 
      author={Yaron Lipman and Ricky T. Q. Chen and Heli Ben-Hamu and Maximilian Nickel and Matt Le},
      year={2023},
      eprint={2210.02747},
      archivePrefix={arXiv},
      primaryClass={cs.LG},
      url={https://arxiv.org/abs/2210.02747}, 
}