@misc{lipman2024flowmatchingguidecode,
      title={Flow Matching Guide and Code}, 
      author={Yaron Lipman and Marton Havasi and Peter Holderrieth and Neta Shaul and Matt Le and Brian Karrer and Ricky T. Q. Chen and David Lopez-Paz and Heli Ben-Hamu and Itai Gat},
      year={2024},
      eprint={2412.06264},
      archivePrefix={arXiv},
      primaryClass={cs.LG},
      url={https://arxiv.org/abs/2412.06264}, 
}